<collection xmlns="http://www.loc.gov/MARC21/slim">
   <record>
      <leader>04546cam a2200517 i 4500</leader>
      <controlfield tag="001">6808185</controlfield>
      <controlfield tag="003">OCoLC</controlfield>
      <controlfield tag="005">20150209082453.0</controlfield>
      <controlfield tag="008">140523t20152015nyua     b    001 0 eng  </controlfield>
      <datafield ind1=" " ind2=" " tag="010">
         <subfield code="a">  2014012085</subfield>
      </datafield>
      <datafield ind1=" " ind2=" " tag="020">
         <subfield code="a">9780415737371 (hardback)</subfield>
      </datafield>
      <datafield ind1=" " ind2=" " tag="020">
         <subfield code="a">0415737370 (hardback)</subfield>
      </datafield>
      <datafield ind1=" " ind2=" " tag="020">
         <subfield code="z">9781315818078 (ebook)</subfield>
      </datafield>
      <datafield ind1=" " ind2=" " tag="035">
         <subfield code="a">ocn861212083</subfield>
      </datafield>
      <datafield ind1=" " ind2=" " tag="040">
         <subfield code="a">DLC</subfield>
         <subfield code="b">eng</subfield>
         <subfield code="e">rda</subfield>
         <subfield code="c">DLC</subfield>
         <subfield code="d">BTCTA</subfield>
         <subfield code="d">ERASA</subfield>
         <subfield code="d">BDX</subfield>
         <subfield code="d">OCLCF</subfield>
         <subfield code="d">YDXCP</subfield>
         <subfield code="d">MUU</subfield>
         <subfield code="d">UAB</subfield>
         <subfield code="d">AEU</subfield>
      </datafield>
      <datafield ind1=" " ind2=" " tag="042">
         <subfield code="a">pcc</subfield>
      </datafield>
      <datafield ind1="0" ind2="0" tag="050">
         <subfield code="a">HT241</subfield>
         <subfield code="b">.L437 2015</subfield>
      </datafield>
      <datafield ind1="0" ind2="0" tag="082">
         <subfield code="a">307.76</subfield>
         <subfield code="2">23</subfield>
      </datafield>
      <datafield ind1=" " ind2=" " tag="084">
         <subfield code="a">POL000000</subfield>
         <subfield code="a">POL044000</subfield>
         <subfield code="a">POL040040</subfield>
         <subfield code="2">bisacsh</subfield>
      </datafield>
      <datafield ind1=" " ind2=" " tag="090">
         <subfield code="a">HT 241 L437 2015</subfield>
         <subfield code="b">AEU</subfield>
      </datafield>
      <datafield ind1="1" ind2=" " tag="100">
         <subfield code="a">Lee, Taedong,</subfield>
         <subfield code="e">author.</subfield>
         <subfield code="0">http://id.loc.gov/authorities/names/no2011059915</subfield>
         <subfield code="0">http://viaf.org/viaf/170134918</subfield>
      </datafield>
      <datafield ind1="1" ind2="0" tag="245">
         <subfield code="a">Global cities and climate change :</subfield>
         <subfield code="b">the translocal relations of environmental governance /</subfield>
         <subfield code="c">Taedong Lee.</subfield>
      </datafield>
      <datafield ind1=" " ind2="1" tag="264">
         <subfield code="a">New York :</subfield>
         <subfield code="b">Routledge/Taylor &amp; Francis Group,</subfield>
         <subfield code="c">2015.</subfield>
      </datafield>
      <datafield ind1=" " ind2="4" tag="264">
         <subfield code="c">©2015</subfield>
      </datafield>
      <datafield ind1=" " ind2=" " tag="300">
         <subfield code="a">xiv, 159 pages :</subfield>
         <subfield code="b">illustrations ;</subfield>
         <subfield code="c">24 cm.</subfield>
      </datafield>
      <datafield ind1=" " ind2=" " tag="336">
         <subfield code="a">text</subfield>
         <subfield code="b">txt</subfield>
         <subfield code="2">rdacontent</subfield>
         <subfield code="0">http://id.loc.gov/vocabulary/contentTypes/txt</subfield>
      </datafield>
      <datafield ind1=" " ind2=" " tag="337">
         <subfield code="a">unmediated</subfield>
         <subfield code="b">n</subfield>
         <subfield code="2">rdamedia</subfield>
         <subfield code="0">http://id.loc.gov/vocabulary/mediaTypes/n</subfield>
      </datafield>
      <datafield ind1=" " ind2=" " tag="338">
         <subfield code="a">volume</subfield>
         <subfield code="b">nc</subfield>
         <subfield code="2">rdacarrier</subfield>
         <subfield code="0">http://id.loc.gov/vocabulary/carriers/nc</subfield>
      </datafield>
      <datafield ind1="1" ind2=" " tag="490">
         <subfield code="a">Cities and global governance ;</subfield>
         <subfield code="v">3</subfield>
      </datafield>
      <datafield ind1=" " ind2=" " tag="504">
         <subfield code="a">Includes bibliographical references (pages 139-155) and index.</subfield>
      </datafield>
      <datafield ind1="0" ind2=" " tag="505">
         <subfield code="a">1. Introduction -- 2. A theory of translocal relations : local actors in global climate governance -- 3. Global cities and translocal climate change networks -- 4. Act locally, link globally : translocal collaboration through the C40 Cities Climate Network -- 5. Political leadership, globalization, and translocal climate cooperation : case studies of three Korean cities -- 6. Participation in translocal climate networks and mitigation policy -- 7. Implications, future research questions, and conclusion.</subfield>
      </datafield>
      <datafield ind1=" " ind2=" " tag="520">
         <subfield code="a">"Cities have led the way to combat climate change by planning and implementing climate mitigation and adaptation policies. These local efforts go beyond national boundaries. Cities are forming transnational networks to enhance their understandings and practices for climate policies. In contrast to national governments that have numerous obstacles to cope with global climate change in the international and national level, cities have become significant international actors in the field of international relations and environmental governance. Global Cities and Climate Change examines the translocal relations of cities that have made an international effort to collectively tackle climate change. Compared to state-centric terms, international or trans-national relations, trans-local relations look at policies, politics, and interactions of local governments in the globalized world. Using multi-methods such as multi-level analysis, comparative case studies, regression analysis and network analysis, Taedong Lee illustrates why some cities participated in transnational climate networks for cities; under what conditions cities internationally cooperate with other cities, with which cities; and which factors influence climate policy performance. An essential read to all those who wish to understand the driving factors for local governments' engagement in global climate governance from a theoretical as well as practical point of view. Lee makes a valuable contribution to the fields of international relations, environmental policies, and urban studies"--</subfield>
         <subfield code="c">Provided by publisher.</subfield>
      </datafield>
      <datafield ind1=" " ind2=" " tag="596">
         <subfield code="a">16</subfield>
      </datafield>
      <datafield ind1=" " ind2="0" tag="650">
         <subfield code="a">Urban ecology (Sociology)</subfield>
         <subfield code="0">http://id.loc.gov/authorities/subjects/sh88004757</subfield>
      </datafield>
      <datafield ind1=" " ind2="0" tag="650">
         <subfield code="a">Urbanization</subfield>
         <subfield code="x">Environmental aspects.</subfield>
      </datafield>
      <datafield ind1=" " ind2="0" tag="650">
         <subfield code="a">Cities and towns</subfield>
         <subfield code="x">Growth</subfield>
         <subfield code="x">Environmental aspects.</subfield>
      </datafield>
      <datafield ind1=" " ind2="0" tag="650">
         <subfield code="a">Urban policy</subfield>
         <subfield code="x">Environmental aspects.</subfield>
      </datafield>
      <datafield ind1=" " ind2="0" tag="650">
         <subfield code="a">Sustainable development</subfield>
         <subfield code="x">International cooperation.</subfield>
         <subfield code="0">http://id.loc.gov/authorities/subjects/sh2010115167</subfield>
      </datafield>
      <datafield ind1=" " ind2="0" tag="650">
         <subfield code="a">Environmental policy.</subfield>
         <subfield code="0">http://id.loc.gov/authorities/subjects/sh85044197</subfield>
      </datafield>
      <datafield ind1=" " ind2="0" tag="650">
         <subfield code="a">City planning</subfield>
         <subfield code="x">Environmental aspects.</subfield>
         <subfield code="0">http://id.loc.gov/authorities/subjects/sh2008117683</subfield>
      </datafield>
      <datafield ind1=" " ind2="0" tag="650">
         <subfield code="a">Environmental policy</subfield>
         <subfield code="x">International cooperation.</subfield>
         <subfield code="0">http://id.loc.gov/authorities/subjects/sh2008102563</subfield>
      </datafield>
      <datafield ind1=" " ind2=" " tag="758">
         <subfield code="0">http://worldcat.org/entity/work/id/5186775</subfield>
      </datafield>
      <datafield ind1="0" ind2=" " tag="787">
         <subfield code="n">OCLC Work Id</subfield>
         <subfield code="o">http://worldcat.org/entity/work/id/5186775</subfield>
      </datafield>
      <datafield ind1=" " ind2="0" tag="830">
         <subfield code="a">Cities and global governance ;</subfield>
         <subfield code="v">3.</subfield>
      </datafield>
      <datafield ind1=" " ind2=" " tag="949">
         <subfield code="a">HT 241 L437 2015</subfield>
         <subfield code="h">UAAU-B</subfield>
         <subfield code="i">0162035241528</subfield>
      </datafield>
      <datafield ind1=" " ind2=" " tag="926">
         <subfield code="a">HT 241 L437 2015</subfield>
         <subfield code="w">LC</subfield>
         <subfield code="c">1</subfield>
         <subfield code="i">0162035241528</subfield>
         <subfield code="l">ON_SHELF</subfield>
         <subfield code="m">UAAUG</subfield>
         <subfield code="p">$150.00</subfield>
         <subfield code="r">Y</subfield>
         <subfield code="s">Y</subfield>
         <subfield code="t">BOOK</subfield>
         <subfield code="u">2/19/2015</subfield>
      </datafield>
   </record>
</collection>
